%%%%%%%%%%%%%%%%%%%%%%%%%%%%%%%%%%%%%%%%%
% Project-LESS 
% ETH Zurich, BIOTS 2018
% Version 1.0 (30.04.2018)
%
% Original authors:
%    Dominic Hagmann
%    Jannik Brun
%    Lucien Erdin
%    Michael Vogel
%    Michel Perez
%    Thomas Keller
%    Toni Tanner
%
% License:
% CC BY-SA 4.0 (https://creativecommons.org/licenses/by-sa/4.0/)
%%%%%%%%%%%%%%%%%%%%%%%%%%%%%%%%%%%%%%%%%

% No other sources were used in this report.
